{
  "leader": "01586cam a22003611i 4500",
  "fields": [
    {
      "001": "on1007246494"
    },
    {
      "003": "OCoLC"
    },
    {
      "005": "20221227125126.0"
    },
    {
      "008": "751114s1943\\\\\\\\nyu\\\\\\\\\\\\\\\\\\\\\\000\\0\\eng\\\\"
    },
    {
      "040": {
        "ind1": "\\",
        "ind2": "\\",
        "subfields": [
          {
            "a": "NLC"
          },
          {
            "b": "eng"
          },
          {
            "c": "NLC"
          },
          {
            "d": "OCLCF"
          },
          {
            "d": "ZEM"
          },
          {
            "d": "NLC"
          },
          {
            "d": "MYL"
          },
          {
            "d": "OKX"
          },
          {
            "d": "OCLCO"
          },
          {
            "d": "PAU"
          },
          {
            "d": "OCL"
          },
          {
            "d": "OCLCO"
          }
        ]
      }
    },
    {
      "016": {
        "ind1": "\\",
        "ind2": "\\",
        "subfields": [
          {
            "a": "(AMICUS)000008117514"
          }
        ]
      }
    },
    {
      "035": {
        "ind1": "\\",
        "ind2": "\\",
        "subfields": [
          {
            "a": "(OCoLC)1007246494"
          }
        ]
      }
    },
    {
      "043": {
        "ind1": "\\",
        "ind2": "\\",
        "subfields": [
          {
            "a": "a-ph---"
          }
        ]
      }
    },
    {
      "050": {
        "ind1": "\\",
        "ind2": "4",
        "subfields": [
          {
            "a": "D767.4"
          },
          {
            "b": ".R66 1943"
          }
        ]
      }
    },
    {
      "082": {
        "ind1": "0",
        "ind2": "4",
        "subfields": [
          {
            "a": "940.5425"
          },
          {
            "b": "ROM"
          }
        ]
      }
    },
    {
      "100": {
        "ind1": "1",
        "ind2": "\\",
        "subfields": [
          {
            "a": "Romulo, Carlos P."
          },
          {
            "q": "(Carlos Pen\u0303a),"
          },
          {
            "d": "1899-1985."
          }
        ]
      }
    },
    {
      "245": {
        "ind1": "1",
        "ind2": "0",
        "subfields": [
          {
            "a": "I saw the fall of the Philippines /"
          },
          {
            "c": "[by] Colonel Carlos P. Romulo."
          }
        ]
      }
    },
    {
      "260": {
        "ind1": "\\",
        "ind2": "\\",
        "subfields": [
          {
            "a": "Garden City, N.Y. :"
          },
          {
            "b": "Doubleday, Doran,"
          },
          {
            "c": "1943."
          }
        ]
      }
    },
    {
      "300": {
        "ind1": "\\",
        "ind2": "\\",
        "subfields": [
          {
            "a": "viii, 323 pages :"
          },
          {
            "b": "illustrations, portraits ;"
          },
          {
            "c": "24 cm."
          }
        ]
      }
    },
    {
      "336": {
        "ind1": "\\",
        "ind2": "\\",
        "subfields": [
          {
            "a": "text"
          },
          {
            "b": "txt"
          },
          {
            "2": "rdacontent"
          }
        ]
      }
    },
    {
      "337": {
        "ind1": "\\",
        "ind2": "\\",
        "subfields": [
          {
            "a": "unmediated"
          },
          {
            "b": "n"
          },
          {
            "2": "rdamedia"
          }
        ]
      }
    },
    {
      "338": {
        "ind1": "\\",
        "ind2": "\\",
        "subfields": [
          {
            "a": "volume"
          },
          {
            "b": "nc"
          },
          {
            "2": "rdacarrier"
          }
        ]
      }
    },
    {
      "583": {
        "ind1": "1",
        "ind2": "\\",
        "subfields": [
          {
            "a": "committed to retain"
          },
          {
            "c": "20170930"
          },
          {
            "d": "20421231"
          },
          {
            "f": "HathiTrust"
          },
          {
            "u": "https://www.hathitrust.org/shared_print_program"
          },
          {
            "5": "PU"
          }
        ]
      }
    },
    {
      "650": {
        "ind1": "\\",
        "ind2": "0",
        "subfields": [
          {
            "a": "World War, 1939-1945"
          },
          {
            "z": "Philippines"
          },
          {
            "z": "Bataan (Province)"
          }
        ]
      }
    },
    {
      "650": {
        "ind1": "\\",
        "ind2": "0",
        "subfields": [
          {
            "a": "World War, 1939-1945"
          },
          {
            "v": "Personal narratives, American."
          }
        ]
      }
    },
    {
      "651": {
        "ind1": "\\",
        "ind2": "7",
        "subfields": [
          {
            "a": "Philippines"
          },
          {
            "z": "Bataan (Province)"
          },
          {
            "2": "fast"
          },
          {
            "0": "(OCoLC)fst01331041"
          }
        ]
      }
    },
    {
      "647": {
        "ind1": "\\",
        "ind2": "7",
        "subfields": [
          {
            "a": "World War"
          },
          {
            "d": "(1939-1945)"
          },
          {
            "2": "fast"
          },
          {
            "0": "(OCoLC)fst01180924"
          }
        ]
      }
    },
    {
      "648": {
        "ind1": "\\",
        "ind2": "7",
        "subfields": [
          {
            "a": "1939-1945"
          },
          {
            "2": "fast"
          }
        ]
      }
    },
    {
      "655": {
        "ind1": "\\",
        "ind2": "7",
        "subfields": [
          {
            "a": "Personal narratives"
          },
          {
            "v": "American."
          },
          {
            "2": "fast"
          },
          {
            "0": "(OCoLC)fst01424071"
          }
        ]
      }
    },
    {
      "776": {
        "ind1": "0",
        "ind2": "8",
        "subfields": [
          {
            "i": "Online version:"
          },
          {
            "a": "Romulo, Carlos P. (Carlos Pen\u0303a), 1899-1985."
          },
          {
            "t": "I saw the fall of the Philippines."
          },
          {
            "d": "Garden City, N.Y., Doubleday, Doran 1943 [1942]"
          },
          {
            "w": "(OCoLC)566017303"
          }
        ]
      }
    },
    {
      "994": {
        "ind1": "\\",
        "ind2": "\\",
        "subfields": [
          {
            "a": "Z0"
          },
          {
            "b": "NYRVC"
          }
        ]
      }
    },
    {
      "948": {
        "ind1": "\\",
        "ind2": "\\",
        "subfields": [
          {
            "h": "NO HOLDINGS IN NYRVC - 15 OTHER HOLDINGS"
          }
        ]
      }
    },
    {
      "999": {
        "ind1": "\\",
        "ind2": "\\",
        "subfields": [
          {
            "a": "00000000018051"
          }
        ]
      }
    }
  ]
}